@inproceedings{houda2010public,
  title={A public transportation ontology to support user travel planning},
  author={Houda, Mnasser and Khemaja, Maha and Oliveira, Kathia and Abed, Mourad},
  booktitle={Research Challenges in Information Science (RCIS), 2010 Fourth International Conference on},
  pages={127--136},
  year={2010},
  organization={IEEE}
}

@article{de2013transportation,
  title={Transportation ontology definition and application for the content personalization of user interfaces},
  author={De Oliveira, K{\'a}Thia Mar{\c{c}}Al and Bacha, Firas and Mnasser, Houda and Abed, Mourad},
  journal={Expert Systems with Applications},
  volume={40},
  number={8},
  pages={3145--3159},
  year={2013},
  publisher={Elsevier}
}

@inproceedings{corsar2015transport,
  title={The transport disruption ontology},
  author={Corsar, David and Markovic, Milan and Edwards, Peter and Nelson, John D},
  booktitle={International Semantic Web Conference},
  pages={329--336},
  year={2015},
  organization={Springer}
}